@ARTICLE{HQ79,
  author = {Hannan, E.J. and Quinn, B.G.},
  title = {The determination of the order of an autoregression},
  journal = {Journal of the Royal Statistical Society},
  year = {1979},
  volume = {41},
  pages = {190--195},
  number = {2},
}


@ARTICLE{HF89,
  author = {A. C. Harvey and C. Fernandes},
  title = {Time Series Models for Count or Qualitative Observations (with discussion)},
  journal = {Journal of Business \& Economic Statistics},
  year = {1989},
  volume = {7},
  pages = {407-422},
}

@ARTICLE{SM86,
  author = {R. L. Smith and J. E. Miller},
  title = {A Non-{G}aussian State Space Model and Application to Prediction of Records},
  journal = {Journal of the Royal Statistical Society (Series B)},
  year = {1986},
  volume = {48},
  pages = {79-88},
}

